% Encoding: UTF-8

@Book{knuth1986texbook,
  author    = {Knuth, Donald Ervin and Bibby, Duane Robert},
  title     = {The \TeX book, Computers \& Typesetting},
  year      = {1986},
  volume    = {A},
  publisher = {Addison-Wesley},
}

@Manual{xeCJK,
  author  = {ctex.org},
  title   = {\pkg{xeCJK} 宏包},
  year    = {2016},
  date    = {2016-05-14},
  version = {3.4.0},
  url     = {CTAN://language/chinese/ctex},
}

@Manual{CTeX,
  author  = {ctex.org},
  title   = {\pkg{\CTeX} 宏集手册},
  year    = {2016},
  date    = {2016-05-16},
  version = {2.4.2},
  url     = {CTAN://macros/xetex/latex/xecjk},
}

@Manual{physics,
  author  = {Sergio C. de la Barrera},
  title   = {The \pkg{physics} package},
  year    = {2012},
  date    = {2012-12-12},
  version = {1.3},
  url     = {CTAN://macros/latex/contrib/physics},
}

@Comment{jabref-meta: databaseType:biblatex;}
